@article{sun2015novel,
  title={A novel ensemble method for classifying imbalanced data},
  author={Sun, Zhongbin and Song, Qinbao and Zhu, Xiaoyan and Sun, Heli and Xu, Baowen and Zhou, Yuming},
  journal={Pattern Recognition},
  volume={48},
  number={5},
  pages={1623--1637},
  year={2015},
  publisher={Elsevier}
}

@article{lin2018attribute,
  title={An attribute extending method to improve learning performance for small datasets},
  author={Lin, Liang-Sian and Li, Der-Chiang and Chen, Hung-Yu and Chiang, Yu-Chun},
  journal={Neurocomputing},
  volume={286},
  pages={75--87},
  year={2018},
  publisher={Elsevier}
}

% Algoritmos a comparar

@inproceedings{Chen:2016:XST:2939672.2939785,
 author = {Chen, Tianqi and Guestrin, Carlos},
 title = {{XGBoost}: A Scalable Tree Boosting System},
 booktitle = {Proceedings of the 22nd ACM SIGKDD International Conference on Knowledge Discovery and Data Mining},
 series = {KDD '16},
 year = {2016},
 isbn = {978-1-4503-4232-2},
 location = {San Francisco, California, USA},
 pages = {785--794},
 numpages = {10},
 url = {http://doi.acm.org/10.1145/2939672.2939785},
 doi = {10.1145/2939672.2939785},
 acmid = {2939785},
 publisher = {ACM},
 address = {New York, NY, USA},
 keywords = {large-scale machine learning},
}
@article{cortes1995support,
  title={Support-vector networks},
  author={Cortes, Corinna and Vapnik, Vladimir},
  journal={Machine learning},
  volume={20},
  number={3},
  pages={273--297},
  year={1995},
  publisher={Springer}
}
@book{cristianini2000introduction,
  title={An introduction to support vector machines and other kernel-based learning methods},
  author={Cristianini, Nello and Shawe-Taylor, John and others},
  year={2000},
  publisher={Cambridge university press}
}
@book{ak2002least,
  title={Least squares support vector machines},
  author={AK, Suykens Johan and PL, Vandewalle Joos and others},
  year={2002},
  publisher={World Scientific}
}

% Libros
@book{thomas2017credit,
  title={Credit scoring and its applications},
  author={Thomas, Lyn and Crook, Jonathan and Edelman, David},
  volume={2},
  year={2017},
  publisher={Siam}
}

% Marco te√≥rico
@article{yobas2000credit,
  title={Credit scoring using neural and evolutionary techniques},
  author={Yobas, Mumine B and Crook, Jonathan N and Ross, Peter},
  journal={IMA Journal of Management Mathematics},
  volume={11},
  number={2},
  pages={111--125},
  year={2000},
  publisher={Oxford University Press}
}
@article{desai1996comparison,
  title={A comparison of neural networks and linear scoring models in the credit union environment},
  author={Desai, Vijay S and Crook, Jonathan N and Overstreet Jr, George A},
  journal={European Journal of Operational Research},
  volume={95},
  number={1},
  pages={24--37},
  year={1996},
  publisher={Elsevier}
}
@article{baesens2003benchmarking,
  title={Benchmarking state-of-the-art classification algorithms for credit scoring},
  author={Baesens, Bart and Van Gestel, Tony and Viaene, Stijn and Stepanova, Maria and Suykens, Johan and Vanthienen, Jan},
  journal={Journal of the operational research society},
  volume={54},
  number={6},
  pages={627--635},
  year={2003},
  publisher={Taylor \& Francis}
}
@article{lessmann2015benchmarking,
  title={Benchmarking state-of-the-art classification algorithms for credit scoring: An update of research},
  author={Lessmann, Stefan and Baesens, Bart and Seow, Hsin-Vonn and Thomas, Lyn C},
  journal={European Journal of Operational Research},
  volume={247},
  number={1},
  pages={124--136},
  year={2015},
  publisher={Elsevier}
}
@article{demvsar2006statistical,
  title={Statistical comparisons of classifiers over multiple data sets},
  author={Dem{\v{s}}ar, Janez},
  journal={Journal of Machine learning research},
  volume={7},
  number={Jan},
  pages={1--30},
  year={2006}
}
@inproceedings{davis2006relationship,
  title={The relationship between Precision-Recall and ROC curves},
  author={Davis, Jesse and Goadrich, Mark},
  booktitle={Proceedings of the 23rd international conference on Machine learning},
  pages={233--240},
  year={2006},
  organization={ACM}
}

% Imbalance bagging
@article{batista2004study,
  title={A study of the behavior of several methods for balancing machine learning training data},
  author={Batista, Gustavo EAPA and Prati, Ronaldo C and Monard, Maria Carolina},
  journal={ACM SIGKDD explorations newsletter},
  volume={6},
  number={1},
  pages={20--29},
  year={2004},
  publisher={ACM}
}
@inproceedings{mani2003knn,
  title={kNN approach to unbalanced data distributions: a case study involving information extraction},
  author={Mani, Inderjeet and Zhang, I},
  booktitle={Proceedings of workshop on learning from imbalanced datasets},
  volume={126},
  year={2003}
}
@article{seiffert2010rusboost,
  title={RUSBoost: A hybrid approach to alleviating class imbalance},
  author={Seiffert, Chris and Khoshgoftaar, Taghi M and Van Hulse, Jason and Napolitano, Amri},
  journal={IEEE Transactions on Systems, Man, and Cybernetics-Part A: Systems and Humans},
  volume={40},
  number={1},
  pages={185--197},
  year={2010},
  publisher={Citeseer}
}
@article{breiman1996bagging,
  title={Bagging Predictors},
  author={Breiman, L},
  year={1996},
  journal={Machine Learning},
  volume={240},
  pages={123--140}
}




%%%%%%%%%%%%%%%%%%%%%%%%%%%%%%%%
% Related work
%%%%%%%%%%%%%%%%%%%%%%%%%%%%%%%%
@article{sohn2016technology,
  title={Technology credit scoring model with fuzzy logistic regression},
  author={Sohn, So Young and Kim, Dong Ha and Yoon, Jin Hee},
  journal={Applied Soft Computing},
  volume={43},
  pages={150--158},
  year={2016},
  publisher={Elsevier}
}
@inproceedings{bahnsen2014example,
  title={Example-dependent cost-sensitive logistic regression for credit scoring},
  author={Bahnsen, Alejandro Correa and Aouada, Djamia and Ottersten, Bj{\"o}rn},
  booktitle={Machine Learning and Applications (ICMLA), 2014 13th International Conference on},
  pages={263--269},
  year={2014},
  organization={IEEE}
}
@article{zhao2015investigation,
  title={Investigation and improvement of multi-layer perceptron neural networks for credit scoring},
  author={Zhao, Zongyuan and Xu, Shuxiang and Kang, Byeong Ho and Kabir, Mir Md Jahangir and Liu, Yunling and Wasinger, Rainer},
  journal={Expert Systems with Applications},
  volume={42},
  number={7},
  pages={3508--3516},
  year={2015},
  publisher={Elsevier}
}
@article{luo2017deep,
  title={A deep learning approach for credit scoring using credit default swaps},
  author={Luo, Cuicui and Wu, Desheng and Wu, Dexiang},
  journal={Engineering Applications of Artificial Intelligence},
  volume={65},
  pages={465--470},
  year={2017},
  publisher={Elsevier}
}
@article{van2016novel,
  title={A novel credit scoring prediction model based on Feature Selection approach and parallel random forest},
  author={Van Sang, Ha and Nam, Nguyen Ha and Nhan, Nguyen Duc},
  journal={Indian Journal of Science and Technology},
  volume={9},
  number={20},
  year={2016}
}
@article{xia2017boosted,
  title={A boosted decision tree approach using Bayesian hyper-parameter optimization for credit scoring},
  author={Xia, Yufei and Liu, Chuanzhe and Li, YuYing and Liu, Nana},
  journal={Expert Systems with Applications},
  volume={78},
  pages={225--241},
  year={2017},
  publisher={Elsevier}
}
@article{bhatia2017credit,
  title={Credit Scoring using Machine Learning Techniques},
  author={Bhatia, Sunil and Sharma, Pratik and Burman, Rohit and Hazari, Santosh and Hande, Rupali},
  journal={International Journal of Computer Applications},
  volume={161},
  number={11},
  pages={1},
  year={2017},
  publisher={Foundation of Computer Science}
}
@article{huang2007credit,
  title={Credit scoring with a data mining approach based on support vector machines},
  author={Huang, Cheng-Lung and Chen, Mu-Chen and Wang, Chieh-Jen},
  journal={Expert systems with applications},
  volume={33},
  number={4},
  pages={847--856},
  year={2007},
  publisher={Elsevier}
}


%%%%%%%%%%%%%%%%%%%%%%%%%%%%%%%%
% Comparacion estado del arte
%%%%%%%%%%%%%%%%%%%%%%%%%%%%%%%%

% LENDING CLUB
@article{malekipirbazari2015risk,
  title={Risk assessment in social lending via random forests},
  author={Malekipirbazari, Milad and Aksakalli, Vural},
  journal={Expert Systems with Applications},
  volume={42},
  number={10},
  pages={4621--4631},
  year={2015},
  publisher={Elsevier}
}
@article{zhang2016research,
  title={Research on credit scoring by fusing social media information in online peer-to-peer lending},
  author={Zhang, Yuejin and Jia, Hengyue and Diao, Yunfei and Hai, Mo and Li, Haifeng},
  journal={Procedia Computer Science},
  volume={91},
  pages={168--174},
  year={2016},
  publisher={Elsevier}
}
@inproceedings{zang2014credit,
  title={The credit risk assessment of P2P lending based on BP neural network},
  author={Zang, DunGang and Qi, MngYu and Fu, YanMing},
  booktitle={Industrial Engineering and Management Science: Proceedings of the 2014 International Conference on Industrial Engineering and Management Science (IEMS 2014)},
  volume={2},
  pages={91},
  year={2014}
}
@article{tan2018deep,
  title={A Deep Learning Approach to Competing Risks Representation in Peer-to-Peer Lending},
  author={Tan, Fei and Hou, Xiurui and Zhang, Jie and Wei, Zhi and Yan, Zhenyu},
  journal={IEEE transactions on neural networks and learning systems},
  year={2018},
  publisher={IEEE}
}

% GERMAN CREDIT
@article{harris2015credit,
  title={Credit scoring using the clustered support vector machine},
  author={Harris, Terry},
  journal={Expert Systems with Applications},
  volume={42},
  number={2},
  pages={741--750},
  year={2015},
  publisher={Elsevier}
}
@article{nanni2009experimental,
  title={An experimental comparison of ensemble of classifiers for bankruptcy prediction and credit scoring},
  author={Nanni, Loris and Lumini, Alessandra},
  journal={Expert systems with applications},
  volume={36},
  number={2},
  pages={3028--3033},
  year={2009},
  publisher={Elsevier}
}
@article{brown2012experimental,
  title={An experimental comparison of classification algorithms for imbalanced credit scoring data sets},
  author={Brown, Iain and Mues, Christophe},
  journal={Expert Systems with Applications},
  volume={39},
  number={3},
  pages={3446--3453},
  year={2012},
  publisher={Elsevier}
}
@article{wang2012two,
  title={Two credit scoring models based on dual strategy ensemble trees},
  author={Wang, Gang and Ma, Jian and Huang, Lihua and Xu, Kaiquan},
  journal={Knowledge-Based Systems},
  volume={26},
  pages={61--68},
  year={2012},
  publisher={Elsevier}
}

% figures
@article{sze2017efficient,
  title={Efficient processing of deep neural networks: A tutorial and survey},
  author={Sze, Vivienne and Chen, Yu-Hsin and Yang, Tien-Ju and Emer, Joel S},
  journal={Proceedings of the IEEE},
  volume={105},
  number={12},
  pages={2295--2329},
  year={2017},
  publisher={Ieee}
}
@phdthesis{bouzgou2012advanced,
  title={Advanced Methods for the Processing and Analysis ofMultidimensional Signals: Application toWind Speed},
  author={Bouzgou, Hassen},
  year={2012},
  school={Universit{\'e} de Batna 2}
}
@incollection{beysolow2017autoencoders,
  title={Autoencoders, Restricted Boltzmann Machines, and Deep Belief Networks},
  author={Beysolow II, Taweh},
  booktitle={Introduction to Deep Learning Using R},
  pages={125--136},
  year={2017},
  publisher={Springer}
}
@misc{wiki:svm_figure,
 author = "Wikimedia",
 title = "File:Svm separating hyperplanes (SVG).svg --- Wikimedia Commons{,} the free media repository",
 year = "2016",
 url = "https://commons.wikimedia.org/w/index.php?title=File:Svm_separating_hyperplanes_(SVG).svg&oldid=217578095",
 note = "[Online; accessed 8-July-2020]"
}
@misc{wiki:roc_figure,
 author = "Wikipedia",
 title = "Espa√±ol: Curvas ROC",
 year = "2011",
 url = "https://es.wikipedia.org/wiki/Archivo:Curvas.png",
 note = "[Online; accessed 8-July-2020]"
}
@misc{mql5:rf,
 author = "Maxim Dmitrievsky",
 title = "Random Decision Forest in Reinforcement Learning",
 year = "2018",
 url = "https://www.mql5.com/en/articles/widget/3856",
 note = "[Online; accessed 8-July-2020]"
}
